@misc{ wiki,
   author = "Wikipedia",
   title = "Van der Pol oscillator --- Wikipedia{,} The Free
       Encyclopedia",
   year = "2016",
   url =
       "https://en.wikipedia.org/w/index.php?title=Van_der_Pol_oscillator&oldid=737980297",
   note = "[Online; accessed 6-September-2016]"
 }
@misc{slides,
    author="Belur, Madhu N. and Pillai, Harish K.",
    title="Nonlinear Dynamical Systems: Lecture 10-14",
    year="2013",
    note = "[Lecture Slides]",
}
